 
@article{PDG,
author = {J. Beringer and others},
collaboration = {Particle Data Group},
year = {2012},
journal = {Phys. Rev. D},
volume = {86},
title = {Review of particle physics},
eid = {010001}
}